@Book{kishimoto:08,
 author = {Kishimoto, Tizuko},
 title = {O jogo e a educação infantil},
 publisher = {Cengage Learning},
 year = {2008},
 address = {São Paulo, SP},
 isbn = {8522101272}
 }
 
@online{Limiar,
  author = {Matteo Matteucci},
  title = {{Lecture 4}},
  year = 2000,
  url = {http://homepages.inf.ed.ac.uk/rbf/CVonline/LOCAL_COPIES/MORSE/threshold.pdf},
  urldate = {2014-05-20}
}